
@article{Bentley1993,
	timestamp = {六 8月 12 17:53:46 2017},
	title = {Engineering a sort function},
	author = {Bentley, Jon L and McIlroy, M Douglas},
	journal = {Software: Practice and Experience},
	volume = {23},
	number = {11},
	pages = {1249--1265},
	year = {1993},
	publisher = {Wiley Online Library}
}

@inproceedings{Burkhardt2003,
	timestamp = {六 8月 12 17:54:56 2017},
	title = {Fast lightweight suffix array construction and checking},
	author = {Burkhardt, Stefan and K{\"a}rkk{\"a}inen, Juha},
	booktitle = {Annual Symposium on Combinatorial Pattern Matching},
	pages = {55--69},
	year = {2003},
	organization = {Springer}
}

@inproceedings{Dhaliwal2012,
	timestamp = {六 8月 12 17:36:56 2017},
	title = {Trends in suffix sorting: A survey of low memory algorithms},
	author = {Dhaliwal, Jasbir and Puglisi, Simon J and Turpin, Andrew},
	booktitle = {Proceedings of the Thirty-fifth Australasian Computer Science Conference-Volume 122},
	pages = {91--98},
	year = {2012},
	organization = {Australian Computer Society, Inc.}
}

@inproceedings{Farach1997,
	timestamp = {六 8月 12 17:48:06 2017},
	title = {Optimal suffix tree construction with large alphabets},
	author = {Farach, Martin},
	booktitle = {Foundations of Computer Science, 1997. Proceedings., 38th Annual Symposium on},
	pages = {137--143},
	year = {1997},
	organization = {IEEE}
}

@article{Hoare1962,
	timestamp = {六 8月 12 17:54:24 2017},
	title = {Quicksort},
	author = {Hoare, Charles AR},
	journal = {The Computer Journal},
	volume = {5},
	number = {1},
	pages = {10--16},
	year = {1962},
	publisher = {Oxford University Press}
}

@inproceedings{Itoh1999,
	timestamp = {六 8月 12 17:49:03 2017},
	title = {An efficient method for in memory construction of suffix arrays},
	author = {Itoh, Hideo and Tanaka, Hozumi},
	booktitle = {String Processing and Information Retrieval Symposium, 1999 and International Workshop on Groupware},
	pages = {81--88},
	year = {1999},
	organization = {IEEE}
}

@article{Karkkainen2006,
	timestamp = {六 8月 12 17:46:18 2017},
	title = {Linear work suffix array construction},
	author = {K{\"a}rkk{\"a}inen, Juha and Sanders, Peter and Burkhardt, Stefan},
	journal = {Journal of the ACM (JACM)},
	volume = {53},
	number = {6},
	pages = {918--936},
	year = {2006},
	publisher = {ACM}
}

@article{Karkkainen2014,
	timestamp = {六 8月 12 17:51:42 2017},
	title = {Engineering a lightweight external memory suffix array construction algorithm},
	author = {K{\"a}rkk{\"a}inen, Juha and Kempa, Dominik},
	journal = {Mathematics in Computer Science},
	pages = {1--13},
	year = {2014},
	publisher = {Springer}
}

@inproceedings{Karp1972,
	timestamp = {六 8月 12 17:35:15 2017},
	title = {Rapid identification of repeated patterns in strings, trees and arrays},
	author = {Karp, Richard M and Miller, Raymond E and Rosenberg, Arnold L},
	booktitle = {Proceedings of the fourth annual ACM symposium on Theory of computing},
	pages = {125--136},
	year = {1972},
	organization = {ACM}
}

@article{Kim2005,
	timestamp = {六 8月 12 17:47:33 2017},
	title = {Constructing suffix arrays in linear time},
	author = {Kim, Dong Kyue and Sim, Jeong Seop and Park, Heejin and Park, Kunsoo},
	journal = {Journal of Discrete Algorithms},
	volume = {3},
	number = {2},
	pages = {126--142},
	year = {2005},
	publisher = {Elsevier}
}

@article{Ko2005,
	timestamp = {六 8月 12 17:45:45 2017},
	title = {Space efficient linear time construction of suffix arrays},
	author = {Ko, Pang and Aluru, Srinivas},
	journal = {Journal of Discrete Algorithms},
	volume = {3},
	number = {2},
	pages = {143--156},
	year = {2005},
	publisher = {Elsevier}
}

@article{Larsson2007,
	timestamp = {六 8月 12 17:43:40 2017},
	title = {Faster suffix sorting},
	author = {Larsson, N Jesper and Sadakane, Kunihiko},
	journal = {Theoretical Computer Science},
	volume = {387},
	number = {3},
	pages = {258--272},
	year = {2007},
	publisher = {Elsevier}
}

@article{Manber1993,
	timestamp = {六 8月 12 17:29:29 2017},
	title = {Suffix arrays: a new method for on-line string searches},
	author = {Manber, Udi and Myers, Gene},
	journal = {siam Journal on Computing},
	volume = {22},
	number = {5},
	pages = {935--948},
	year = {1993},
	publisher = {SIAM}
}

@article{Manzini2004,
	timestamp = {六 8月 12 17:42:04 2017},
	title = {Engineering a lightweight suffix array construction algorithm},
	author = {Manzini, Giovanni and Ferragina, Paolo},
	journal = {Algorithmica},
	volume = {40},
	number = {1},
	pages = {33--50},
	year = {2004},
	publisher = {Springer}
}

@article{Nong2011,
	timestamp = {六 8月 12 17:49:29 2017},
	title = {Two efficient algorithms for linear time suffix array construction},
	author = {Nong, Ge and Zhang, Sen and Chan, Wai Hong},
	journal = {IEEE Transactions on Computers},
	volume = {60},
	number = {10},
	pages = {1471--1484},
	year = {2011},
	publisher = {IEEE}
}

@article{Nong2013,
	timestamp = {六 8月 12 17:50:22 2017},
	title = {Practical linear-time O (1)-workspace suffix sorting for constant alphabets},
	author = {Nong, Ge},
	journal = {ACM Transactions on Information Systems (TOIS)},
	volume = {31},
	number = {3},
	pages = {15},
	year = {2013},
	publisher = {ACM}
}

@article{Nong2014,
	timestamp = {六 8月 12 17:52:20 2017},
	title = {Suffix array construction in external memory using d-critical substrings},
	author = {Nong, Ge and Chan, Wai Hong and Zhang, Sen and Guan, Xiao Feng},
	journal = {ACM Transactions on Information Systems (TOIS)},
	volume = {32},
	number = {1},
	pages = {1},
	year = {2014},
	publisher = {ACM}
}

@article{Nong2015,
	timestamp = {六 8月 12 17:53:06 2017},
	title = {Induced sorting suffixes in external memory},
	author = {Nong, Ge and Chan, Wai Hong and Hu, Sheng Qing and Wu, Yi},
	journal = {ACM Transactions on Information Systems (TOIS)},
	volume = {33},
	number = {3},
	pages = {12},
	year = {2015},
	publisher = {ACM}
}

@article{Puglisi2007,
	timestamp = {六 8月 12 17:36:15 2017},
	title = {A taxonomy of suffix array construction algorithms},
	author = {Puglisi, Simon J and Smyth, William F and Turpin, Andrew H},
	journal = {acm Computing Surveys (CSUR)},
	volume = {39},
	number = {2},
	pages = {4},
	year = {2007},
	publisher = {ACM}
}

@article{Rajasekaran2014,
	timestamp = {六 8月 12 18:08:30 2017},
	title = {An elegant algorithm for the construction of suffix arrays},
	author = {Rajasekaran, Sanguthevar and Nicolae, Marius},
	journal = {Journal of Discrete Algorithms},
	volume = {27},
	pages = {21--28},
	year = {2014},
	publisher = {Elsevier}
}

@article{Schurmann2007,
	timestamp = {六 8月 12 17:44:17 2017},
	title = {An incomplex algorithm for fast suffix array construction},
	author = {Sch{\"u}rmann, Klaus-Bernd and Stoye, Jens},
	journal = {Software: Practice and Experience},
	volume = {37},
	number = {3},
	pages = {309--329},
	year = {2007},
	publisher = {Wiley Online Library}
}

@inproceedings{Seward2000,
	timestamp = {六 8月 12 17:37:42 2017},
	title = {On the performance of BWT sorting algorithms},
	author = {Seward, Julian},
	booktitle = {Data Compression Conference, 2000. Proceedings. DCC 2000},
	pages = {173--182},
	year = {2000},
	organization = {IEEE}
}

